<?xml version="1.0" encoding="UTF-8"?><collection xmlns="http://www.loc.gov/MARC21/slim"><record><leader>00343nam--2200133-i-4500</leader><controlfield tag="001">000007710</controlfield><controlfield tag="002">20161230</controlfield><controlfield tag="005">20161230201027</controlfield><controlfield tag="008">060222s1000------------r-----000-0-eng-d</controlfield><datafield ind1=" " ind2=" " tag="080"><subfield code="a">621.384.663</subfield></datafield><datafield ind1=" " ind2=" " tag="100"><subfield code="a">Banford, A.P</subfield></datafield><datafield ind1=" " ind2=" " tag="245"><subfield code="a">The transport of charged particles beams</subfield></datafield><datafield ind1=" " ind2=" " tag="260"><subfield code="a">London, E.&amp; F.N.Spon Ltd.,1966. X + 229 P</subfield></datafield><datafield ind1=" " ind2=" " tag="852"><subfield code="a">24468</subfield></datafield></record></collection>